<record xmlns="http://www.loc.gov/MARC21/slim" xmlns:xsi="http://www.w3.org/2001/XMLSchema-instance" xsi:schemaLocation="http://www.loc.gov/MARC21/slim http://www.loc.gov/standards/marcxml/schema/MARC21slim.xsd"><leader>02055nam a2200445   4500</leader><controlfield tag="001">001679734</controlfield><controlfield tag="003">NNU</controlfield><controlfield tag="006">m        d        </controlfield><controlfield tag="007">cr cn |||m|||a</controlfield><controlfield tag="008">150116s1952    ua      o     000 0 ara d</controlfield><datafield ind1=" " ind2=" " tag="040"><subfield code="a">NNU</subfield><subfield code="b">eng</subfield><subfield code="e">rda</subfield><subfield code="c">NNU</subfield></datafield><datafield ind1=" " ind2="4" tag="050"><subfield code="a">PJ6141</subfield><subfield code="b">.I3</subfield></datafield><datafield ind1="1" ind2=" " tag="100"><subfield code="6">880-01</subfield><subfield code="a">Ibn al-Qu&#772;t&#803;i&#772;yah, Muh&#803;ammad ibn &#699;Umar,</subfield><subfield code="d">-977.</subfield></datafield><datafield ind1="1" ind2="0" tag="245"><subfield code="6">880-02</subfield><subfield code="a">Kita&#772;b al-Af&#699;a&#772;l /</subfield><subfield code="c">li-Ibn al-Qu&#772;t&#803;iyah ; ishra&#772;f wa-tawji&#772;h &#699;Ali&#772; Ra&#772;tib ; tah&#803;qi&#772;q &#699;Ali&#772; Fu&#772;dah.</subfield></datafield><datafield ind1="3" ind2=" " tag="246"><subfield code="6">880-03</subfield><subfield code="a">Af&#699;a&#772;l</subfield></datafield><datafield ind1=" " ind2=" " tag="250"><subfield code="6">880-04</subfield><subfield code="a">al-Tab'ah 1.</subfield></datafield><datafield ind1=" " ind2=" " tag="260"><subfield code="6">880-05</subfield><subfield code="a">al-Qa&#772;hirah :</subfield><subfield code="b">Mat&#803;ba&#699;at Mis&#803;r,</subfield><subfield code="c">1952.</subfield></datafield><datafield ind1=" " ind2=" " tag="300"><subfield code="a">online resource (5, 354 pages)</subfield></datafield><datafield ind1=" " ind2=" " tag="336"><subfield code="a">text</subfield><subfield code="2">rdacontent</subfield></datafield><datafield ind1=" " ind2=" " tag="337"><subfield code="a">computer</subfield><subfield code="2">rdamedia</subfield></datafield><datafield ind1=" " ind2=" " tag="338"><subfield code="a">online resource</subfield><subfield code="2">rdacarrier</subfield></datafield><datafield ind1=" " ind2=" " tag="500"><subfield code="a">Romanized.</subfield></datafield><datafield ind1=" " ind2=" " tag="500"><subfield code="a">Part of the Arabic Collections Online (ACO) project, contributed by New York Univeristy Libraries.</subfield></datafield><datafield ind1=" " ind2=" " tag="533"><subfield code="a">Electronic reproduction.</subfield><subfield code="b">New York, N.Y. :</subfield><subfield code="c">New York University,</subfield><subfield code="d">2015.</subfield><subfield code="5">NNU</subfield></datafield><datafield ind1=" " ind2="0" tag="650"><subfield code="a">Arabic language</subfield><subfield code="x">Verb.</subfield></datafield><datafield ind1=" " ind2="7" tag="650"><subfield code="a">Arabic language</subfield><subfield code="x">Verb.</subfield><subfield code="2">fast</subfield><subfield code="0">(OCoLC)fst00812455</subfield></datafield><datafield ind1="1" ind2=" " tag="700"><subfield code="6">880-06</subfield><subfield code="a">F&#363;dah, &#699;Al&#299;</subfield></datafield><datafield ind1="2" ind2=" " tag="710"><subfield code="a">New York University.</subfield><subfield code="b">Libraries.</subfield></datafield><datafield ind1="0" ind2=" " tag="730"><subfield code="a">Arabic Collections Online.</subfield></datafield><datafield ind1="0" ind2="8" tag="776"><subfield code="i">Online version:</subfield><subfield code="a">Ibn al-Qu&#772;t&#803;i&#772;yah, Muh&#803;ammad ibn &#699;Umar, -977.</subfield><subfield code="t">Kita&#772;b al-af&#699;a&#772;l.</subfield><subfield code="d">[1952]</subfield><subfield code="w">(OCoLC)578444676</subfield></datafield><datafield ind1="0" ind2="8" tag="776"><subfield code="i">Print version:</subfield><subfield code="a">Ibn al-Qu&#772;t&#803;i&#772;yah, Muh&#803;ammad ibn &#699;Umar, -977.</subfield><subfield code="t">Kita&#772;b al-Af&#699;a&#772;l</subfield><subfield code="w">(NNU)001679734</subfield><subfield code="w">(DLC)   60025472</subfield></datafield><datafield ind1="4" ind2="0" tag="856"><subfield code="u">http://hdl.handle.net/2333.1/nk98sh3n</subfield></datafield><datafield ind1="1" ind2=" " tag="880"><subfield code="6">100-01/</subfield><subfield code="a">&#1575;&#1576;&#1606; &#1575;&#1604;&#1602;&#1608;&#1591;&#1610;&#1577;&#1548; &#1605;&#1581;&#1605;&#1583; &#1576;&#1606; &#1593;&#1605;&#1585;.</subfield></datafield><datafield ind1="1" ind2="0" tag="880"><subfield code="6">245-02/</subfield><subfield code="a">&#1603;&#1578;&#1575;&#1576; &#1575;&#1604;&#1571;&#1601;&#1593;&#1575;&#1604; /</subfield><subfield code="c">&#1604;&#1575;&#1576;&#1606; &#1575;&#1604;&#1602;&#1608;&#1591;&#1610;&#1577; &#1563; &#1573;&#1588;&#1585;&#1575;&#1601; &#1608;&#1578;&#1608;&#1580;&#1610;&#1607; &#1575;&#1604;&#1587;&#1610;&#1583; &#1593;&#1604;&#1610; &#1585;&#1575;&#1578;&#1576; &#1563; &#1578;&#1581;&#1602;&#1610;&#1602; &#1593;&#1604;&#1610; &#1601;&#1608;&#1583;&#1577;.</subfield></datafield><datafield ind1="3" ind2=" " tag="880"><subfield code="6">246-03/</subfield><subfield code="a">&#1571;&#1601;&#1593;&#1575;&#1604;</subfield></datafield><datafield ind1=" " ind2=" " tag="880"><subfield code="6">250-04/</subfield><subfield code="a">&#1575;&#1604;&#1591;&#1576;&#1593;&#1577; 1.</subfield></datafield><datafield ind1=" " ind2=" " tag="880"><subfield code="6">260-05/</subfield><subfield code="a">&#1575;&#1604;&#1602;&#1575;&#1607;&#1585;&#1577; :</subfield><subfield code="b">&#1605;&#1591;&#1576;&#1593;&#1577; &#1605;&#1589;&#1585;&#1548;</subfield><subfield code="c">1952.</subfield></datafield><datafield ind1="1" ind2=" " tag="880"><subfield code="6">700-06/</subfield><subfield code="a">&#1601;&#1608;&#1583;&#1577;&#1548; &#1593;&#1604;&#1610;.</subfield></datafield><datafield ind1=" " ind2=" " tag="959"><subfield code="a">NNU</subfield><subfield code="b">WEB</subfield><subfield code="c">GENI</subfield><subfield code="t">0</subfield><subfield code="m">Electronic access</subfield><subfield code="s">01</subfield></datafield><datafield ind1=" " ind2=" " tag="999"><subfield code="i">NNU_001679734</subfield><subfield code="o" /></datafield></record>